@article{snelSLiM_VandePoel_Speelman_2020,
	title = {{SnelSLiM}, a user-friendly and fast tool to perform better keyword analysis through {S}table {L}exical {M}arker {A}nalysis},
	author = {Van de Poel, Bert and Speelman, Dirk},
	year = 2020,
	month = dec,
	journal = {Computational Linguistics in the Netherlands Journal},
	volume = 10,
	pages = {147--160},
	issn = {2211-4009},
	url = {https://clinjournal.org/clinj/article/view/111}
}
