@misc{snelSLiM_software_VandePoel,
  title={{snelSLiM} [software]},
  author={Van de Poel, Bert},
  year={2020},
  note={Available at: http://snelslim.org}
}
